@misc{CMS_public,
url = {http://cms.web.cern.ch/news/cms-detector-design}
}

@article{PhysRevD.2.1285,
  title = {Weak Interactions with Lepton-Hadron Symmetry},
  author = {Glashow, S. L. and Iliopoulos, J. and Maiani, L.},
  journal = {Phys. Rev. D},
  volume = {2},
  issue = {7},
  pages = {1285--1292},
  year = {1970},
  month = {Oct},
  doi = {10.1103/PhysRevD.2.1285},
  url = {http://link.aps.org/doi/10.1103/PhysRevD.2.1285},
  publisher = {American Physical Society}
}

@article{Glashow1961579,
title = "Partial-symmetries of weak interactions",
journal = "Nucl. Phys.",
volume = "22",
number = "4",
pages = {579--588},
year = "1961",
note = "",
doi = "10.1016/0029-5582(61)90469-2",
url = "http://www.sciencedirect.com/science/article/pii/0029558261904692",
author = "Sheldon L. Glashow"
}

@article{PhysRev.127.965,
  title = {Broken Symmetries},
  author = {Goldstone, Jeffrey and Salam, Abdus and Weinberg, Steven},
  journal = {Phys. Rev.},
  volume = {127},
  issue = {3},
  pages = {965--970},
  year = {1962},
  month = {Aug},
  doi = {10.1103/PhysRev.127.965},
  url = {http://link.aps.org/doi/10.1103/PhysRev.127.965},
  publisher = {American Physical Society}
}

@article{PhysRevLett.19.1264,
  title = {A Model of Leptons},
  author = {Weinberg, Steven},
  journal = {Phys. Rev. Lett.},
  volume = {19},
  issue = {21},
  pages = {1264--1266},
  year = {1967},
  month = {Nov},
  doi = {10.1103/PhysRevLett.19.1264},
  url = {http://link.aps.org/doi/10.1103/PhysRevLett.19.1264},
  publisher = {American Physical Society}
}

@article{Salam1964168,
title = "Electromagnetic and weak interactions",
journal = "Phys. Lett.",
volume = "13",
number = "2",
pages = {168--171},
year = "1964",
note = "",
doi = "10.1016/0031-9163(64)90711-5",
url = "http://www.sciencedirect.com/science/article/pii/0031916364907115",
author = "A. Salam and J.C. Ward"
}

@article{GellMann1964214,
title = "A schematic model of baryons and mesons",
journal = "Phys. Lett.",
volume = "8",
number = "3",
pages = {214--215},
year = "1964",
note = "",
doi = "10.1016/S0031-9163(64)92001-3",
url = "http://www.sciencedirect.com/science/article/pii/S0031916364920013",
author = "M. Gell-Mann"
}

@incollection{Lichtenberg:784713,
      author = "Zweig, G.",
      editor = "Lichtenberg, Don Bernett and Rosen, S P",
      booktitle        = "Developments in the Quark Theory of Hadrons",
      publisher    = "Hadronic Press",
      address      = "Nonantum, MA",
      year         = "1980",
      pages = {22--101}
}

@article{Drees,
title = {Review of Final LEP Results or A Tribute to LEP},
journal = {Int. J. Mod. Phys. A},
volume = {17},
number = {23},
pages = {3259--3283},
year = {2002},
doi = {10.1142/S0217751X02012727},
url = {http://www.worldscinet.com/ijmpa/17/1723/S0217751X02012727.html},
author = {J. Drees}
}

@article{Higgs1964132,
title = "Broken symmetries, massless particles and gauge fields",
journal = "Physics Letters",
volume = "12",
number = "2",
pages = {132--133},
year = "1964",
note = "",
doi = "10.1016/0031-9163(64)91136-9",
url = "http://www.sciencedirect.com/science/article/pii/0031916364911369",
author = "P.W. Higgs"
}

@article{PhysRevLett.13.508,
  title = {Broken Symmetries and the Masses of Gauge Bosons},
  author = {Higgs, Peter W.},
  journal = {Phys. Rev. Lett.},
  volume = {13},
  issue = {16},
  pages = {508--509},
  year = {1964},
  month = {Oct},
  doi = {10.1103/PhysRevLett.13.508},
  url = {http://link.aps.org/doi/10.1103/PhysRevLett.13.508},
  publisher = {American Physical Society}
}

@article{PhysRev.145.1156,
  title = {Spontaneous Symmetry Breakdown without Massless Bosons},
  author = {Higgs, Peter W.},
  journal = {Phys. Rev.},
  volume = {145},
  issue = {4},
  pages = {1156--1163},
  year = {1966},
  month = {May},
  doi = {10.1103/PhysRev.145.1156},
  url = {http://link.aps.org/doi/10.1103/PhysRev.145.1156},
  publisher = {American Physical Society}
}

@book{Aitchison:1111394,
      author       = "Aitchison, Ian",
      title        = "Supersymmetry in Particle Physics: An Elementary
                      Introduction",
      publisher    = "Cambridge Univ. Press",
      address      = "Cambridge",
      year         = "2007",
}

@inproceedings{rosner2001flavor,
  booktitle={Flavor Physics for the Millennium: TASI 2000 : Boulder, Colorado, US, 2000},
  editor={Rosner, J. L.},
  author={C. Quigg},
  url={http://arxiv.org/abs/hep-ph/0204104},
  year={2001},
  publisher={World Scientific},
  address={Singapore},
  pages={3}
}

@article{Alvarez-Gaume,
	Author = {\'{A}lvarez-Gaum\'{e}, Luis and Ellis, John},
	Journal = {Nat. Phys.},
	Month = {01},
	Number = {1},
	Pages = {2--3},
	Publisher = {Nature Publishing Group, a division of Macmillan Publishers Limited. All Rights Reserved.},
	Title = {Eyes on a prize particle},
	Ty = {JOUR},
	Url = {http://dx.doi.org/10.1038/nphys1874},
	Volume = {7},
	Year = {2011},
	Bdsk-Url-1 = {http://dx.doi.org/10.1038/nphys1874}}

@article{Arnison:1983rp,
      author         = "Arnison, G. and others",
      title          = "{Experimental Observation of Isolated Large Transverse
                        Energy Electrons with Associated Missing Energy at
                        s**(1/2) = 540-GeV}",
      collaboration  = "UA1 Collaboration",
      journal        = "Phys. Lett. B",
      volume         = "122",
      pages          = {103--116},
      year           = "1983",
      reportNumber   = "CERN-EP-83-13",
      url = "http://www.sciencedirect.com/science/article/pii/0370269383911772",
}

@article{Arnison1983398,
title = "Experimental observation of lepton pairs of invariant mass around 95 GeV/c2 at the CERN SPS collider",
journal = "Phys. Lett. B",
volume = "126",
number = "5",
pages = {398--410},
year = "1983",
note = "",
doi = "10.1016/0370-2693(83)90188-0",
url = "http://www.sciencedirect.com/science/article/pii/0370269383901880",
author = "G. Arnison and others",
collaboration  = "UA1 Collaboration"
}

@book{Gunion:425736,
      author       = "Gunion, John F and Dawson, Sally and Haber, Howard E and
                      Kane, Gordon L",
      title        = "The Higgs Hunter's Guide",
      publisher    = "Westview",
      address      = "Boulder, CO",
      year         = "1990",
}

@article{0954-3899-37-7A-075021,
  author={K. Nakamura and others},
  collaboration={Particle Data Group},
  title={Review of Particle Physics},
  journal={J. Phys. G},
  volume={37},
  number={7A},
  pages={075021},
  url={http://stacks.iop.org/0954-3899/37/i=7A/a=075021},
  year={2010}
}

@unpublished{SUSY_primer,
  author={S. P. Martin},
  title={A Supersymmetry Primer},
  year={2006},
  eprint={hep-ph/9709356},
  url={http://arxiv.org/abs/hep-ph/9709356v6},
  note={unpublished}
}

@article{Jungman1996195,
title = "Supersymmetric dark matter",
journal = "Phys. Rept.",
volume = "267",
number = "5--6",
pages = "195--373",
year = "1996",
note = "",
doi = "10.1016/0370-1573(95)00058-5",
url = "http://www.sciencedirect.com/science/article/pii/0370157395000585",
author = "Gerard Jungman and Marc Kamionkowski and Kim Griest"
}

@article{Chatrchyan201226,
title = "Combined results of searches for the standard model Higgs boson in pp collisions at",
journal = "Phys. Lett. B",
volume = "710",
number = "1",
pages = "26--48",
year = "2012",
note = "",
doi = "10.1016/j.physletb.2012.02.064",
url = "http://www.sciencedirect.com/science/article/pii/S0370269312002055",
author = "S. Chatrchyan and others",
collaboration = "CMS Collaboration",
keywords = "CMS",
keywords = "Higgs",
keywords = "Physics",
keywords = "Statistics"
}

@article{Aad201249,
title = "Combined search for the Standard Model Higgs boson using up to 4.9 fbâˆ’1 of pp collision data at with the ATLAS detector at the LHC",
journal = "Phys. Lett. B",
volume = "710",
number = "1",
pages = "49--66",
year = "2012",
note = "",
doi = "10.1016/j.physletb.2012.02.044",
url = "http://www.sciencedirect.com/science/article/pii/S0370269312001852",
author = "G. Aad and others"
}

@article{Dine1982227,
title = "A phenomenological model of particle physics based on supersymmetry",
journal = "Phys. Lett. B",
volume = "110",
number = "3--4",
pages = "227--231",
year = "1982",
note = "",
doi = "10.1016/0370-2693(82)91241-2",
url = "http://www.sciencedirect.com/science/article/pii/0370269382912412",
author = "Michael Dine and Willy Fischler"
}

@article{Nappi1982175,
title = "Supersymmetric extension of the SU(3)$\times$SU(2)$\times$U(1) model",
journal = "Phys. Lett. B",
volume = "113",
number = "2",
pages = "175--179",
year = "1982",
note = "",
doi = "10.1016/0370-2693(82)90418-X",
url = "http://www.sciencedirect.com/science/article/pii/037026938290418X",
author = "Chiara R. Nappi and Burt A. Ovrut"
}

@article{AlvarezGaume198296,
title = "Low-energy supersymmetry",
journal = "Nucl. Phys. B",
volume = "207",
number = "1",
pages = "96--110",
year = "1982",
note = "",
doi = "10.1016/0550-3213(82)90138-9",
url = "http://www.sciencedirect.com/science/article/pii/0550321382901389",
author = "Luis Alvarez-Gaum\'{e} and Mark Claudson and Mark B. Wise"
}

@article{PhysRevD.48.1277,
  title = {Dynamical supersymmetry breaking at low energies},
  author = {Dine, Michael and Nelson, Ann E.},
  journal = {Phys. Rev. D},
  volume = {48},
  issue = {3},
  pages = {1277--1287},
  year = {1993},
  month = {Aug},
  doi = {10.1103/PhysRevD.48.1277},
  url = {http://link.aps.org/doi/10.1103/PhysRevD.48.1277},
  publisher = {American Physical Society}
}

@article{PhysRevD.51.1362,
  title = {Low energy dynamical supersymmetry breaking simplified},
  author = {Dine, Michael and Nelson, Ann E. and Shirman, Yuri},
  journal = {Phys. Rev. D},
  volume = {51},
  issue = {3},
  pages = {1362--1370},
  year = {1995},
  month = {Feb},
  doi = {10.1103/PhysRevD.51.1362},
  url = {http://link.aps.org/doi/10.1103/PhysRevD.51.1362},
  publisher = {American Physical Society}
}

@article{PhysRevD.53.2658,
  title = {New tools for low energy dynamical supersymmetry breaking},
  author = {Dine, Michael and Nelson, Ann E. and Nir, Yosef and Shirman, Yuri},
  journal = {Phys. Rev. D},
  volume = {53},
  issue = {5},
  pages = {2658--2669},
  year = {1996},
  month = {Mar},
  doi = {10.1103/PhysRevD.53.2658},
  url = {http://link.aps.org/doi/10.1103/PhysRevD.53.2658},
  publisher = {American Physical Society}
}

@article{PhysRevLett.49.970,
  title = {Locally Supersymmetric Grand Unification},
  author = {Chamseddine, A. H. and Arnowitt, R. and Nath, Pran},
  journal = {Phys. Rev. Lett.},
  volume = {49},
  issue = {14},
  pages = {970--974},
  year = {1982},
  month = {Oct},
  doi = {10.1103/PhysRevLett.49.970},
  url = {http://link.aps.org/doi/10.1103/PhysRevLett.49.970},
  publisher = {American Physical Society}
}

@article{Barbieri1982343,
title = "Gauge models with spontaneously broken local supersymmetry",
journal = "Phys. Lett. B",
volume = "119",
number = "4--6",
pages = "343--347",
year = "1982",
note = "",
doi = "10.1016/0370-2693(82)90685-2",
url = "http://www.sciencedirect.com/science/article/pii/0370269382906852",
author = "R. Barbieri and S. Ferrara and C.A. Savoy"
}

@article{Ibanez198273,
title = "Locally supersymmetric SU(5) grand unification",
journal = "Phys. Lett. B",
volume = "118",
number = "1--3",
pages = "73--78",
year = "1982",
note = "",
doi = "10.1016/0370-2693(82)90604-9",
url = "http://www.sciencedirect.com/science/article/pii/0370269382906049",
author = "Luis Ib\'{a}\~{n}ez"
}

@article{PhysRevD.27.2359,
  title = {Supergravity as the messenger of supersymmetry breaking},
  author = {Hall, Lawrence and Lykken, Joe and Weinberg, Steven},
  journal = {Phys. Rev. D},
  volume = {27},
  issue = {10},
  pages = {2359--2378},
  year = {1983},
  month = {May},
  doi = {10.1103/PhysRevD.27.2359},
  url = {http://link.aps.org/doi/10.1103/PhysRevD.27.2359},
  publisher = {American Physical Society}
}

@Article{PTP.70.542,
  title = {Grand Unified Theories Based on Local Supersymmetry},
  author = {Nobuyoshi Ohta},
  journal = {Prog. Theor. Phys.},
  volume = {70},
  number = {2},
  pages = {542--549},
  numpages = {7},
  year = {1983},
  url = {http://ptp.ipap.jp/link?PTP/70/542/},
  doi = {10.1143/PTP.70.542},
  publisher = {Progress of Theoretical Physics}
}

@article{Ellis1983123,
title = "Grand unification in simple supergravity",
journal = "Phys. Lett. B",
volume = "121",
number = "2--3",
pages = "123--129",
year = "1983",
note = "",
doi = "10.1016/0370-2693(83)90900-0",
url = "http://www.sciencedirect.com/science/article/pii/0370269383909000",
author = "John Ellis and D.V. Nanopoulos and K. Tamvakis"
}

@article{AlvarezGaume1983495,
title = "Minimal low-energy supergravity",
journal = "Nucl. Phys. B",
volume = "221",
number = "2",
pages = "495--523",
year = "1983",
note = "",
doi = "10.1016/0550-3213(83)90591-6",
url = "http://www.sciencedirect.com/science/article/pii/0550321383905916",
author = "Luis Alvarez-Gaum\'{e} and J. Polchinski and Mark B. Wise"
}

@Article{PTPS.177.143,
  title = {General Gauge Mediation},
  author = {Patrick Meade and Nathan Seiberg and David Shih},
  journal = {Prog. Theor. Phys. Suppl.},
  volume = {177},
  number = {},
  pages = {143--158},
  numpages = {15},
  year = {2009},
  url = {http://ptp.ipap.jp/link?PTPS/177/143/},
  doi = {10.1143/PTPS.177.143},
  publisher = {Progress of Theoretical Physics}
}

@article{Aad2012519,
title = "Search for diphoton events with large missing transverse momentum in 1 $\mbox{fb}^{-1}$ of 7 TeV proton-proton collision data with the ATLAS detector",
journal = "Phys. Lett. B",
volume = "710",
number = "4--5",
pages = "519--537",
year = "2012",
note = "",
doi = "10.1016/j.physletb.2012.02.054",
url = "http://www.sciencedirect.com/science/article/pii/S0370269312001955",
author = "G. Aad and others"
}

@article{PhysRevLett.104.011801,
  title = {Search for Supersymmetry with Gauge-Mediated Breaking in Diphoton Events with Missing Transverse Energy at CDF II},
  author = {Aaltonen, T. and others},
  collaboration = {CDF Collaboration},
  journal = {Phys. Rev. Lett.},
  volume = {104},
  issue = {1},
  pages = {011801},
  numpages = {8},
  year = {2010},
  month = {Jan},
  doi = {10.1103/PhysRevLett.104.011801},
  url = {http://link.aps.org/doi/10.1103/PhysRevLett.104.011801},
  publisher = {American Physical Society}
}

@unpublished{CMS-PAS-SUS-11-009,
  author={S. Chatrchyan and others},
  collaboration={CMS Collaboration},
  title={Search for Supersymmetry in Events with Photons, Jets and Missing Energy},
  year={2011},
  eprint={CMS-PAS-SUS-11-009},
  url={https://cdsweb.cern.ch/record/1377324},
  note={unpublished}
}

@misc{Tevatron_lifetime,
url = {http://en.wikipedia.org/wiki/Tevatron}
}

@article{PhysRevLett.54.1118,
  title = {Search for Single Photons from Supersymmetric Particle Production},
  author = {Fernandez, E. and Ford, W. T. and Qi, N. and Read, A. L. and Smith, J. G. and Camporesi, T. and De Sangro, R. and Marini, A. and Peruzzi, I. and Piccolo, M. and Ronga, F. and Blume, H. T. and Hurst, R. B. and Venuti, J. P. and Wald, H. B. and Weinstein, Roy and Band, H. R. and Gettner, M. W. and Goderre, G. P. and Meyer, O. A. and Moromisato, J. H. and Polvado, R. O. and Shambroom, W. D. and Sleeman, J. C. and von Goeler, E. and Ash, W. W. and Chadwick, G. B. and Clearwater, S. H. and Coombes, R. W. and Kaye, H. S. and Lau, K. H. and Leedy, R. E. and Lynch, H. L. and Messner, R. L. and Moss, L. J. and Muller, F. and Nelson, H. N. and Ritson, D. M. and Rosenberg, L. J. and Wiser, D. E. and Zdarko, R. W. and Groom, D. E. and Lee, H. Y. and Delfino, M. C. and Heltsley, B. K. and Johnson, J. R. and Lavine, T. L. and Maruyama, T. and Prepost, R.},
  journal = {Phys. Rev. Lett.},
  volume = {54},
  issue = {11},
  pages = {1118--1121},
  year = {1985},
  month = {Mar},
  doi = {10.1103/PhysRevLett.54.1118},
  url = {http://link.aps.org/doi/10.1103/PhysRevLett.54.1118},
  publisher = {American Physical Society}
}

@article{PhysRevD.35.374,
  title = {Search for single electrons from supersymmetric-particle production},
  author = {Fernandez, E. W. and Ford, W. T. and Qi, N. and Read, A. L. and Smith, J. G. and Camporesi, T. and Peruzzi, I. and Piccolo, M. and Hurst, R. B. and Lau, K. H. and Pyrlik, J. and Venuti, J. P. and Wald, H. B. and Weinstein, R. and Band, H. R. and Gettner, M. W. and Goderre, G. P. and Moromisato, J. H. and Shambroom, W. D. and Sleeman, J. C. and von Goeler, E. and Ash, W. W. and Chadwick, G. B. and Leedy, R. E. and Messner, R. L. and Moss, L. J. and Muller, F. and Nelson, H. N. and Ritson, D. M. and Rosenberg, L. J. and Wiser, D. E. and Zdarko, R. W. and Groom, D. E. and Verdini, P. G. and Delfino, M. C. and Johnson, J. R. and Lavine, T. L. and Maruyama, T. and Prepost, R.},
  journal = {Phys. Rev. D},
  volume = {35},
  issue = {1},
  pages = {374--377},
  year = {1987},
  month = {Jan},
  doi = {10.1103/PhysRevD.35.374},
  url = {http://link.aps.org/doi/10.1103/PhysRevD.35.374},
  publisher = {American Physical Society}
}

@article{Decamp1990291,
title = "Search for neutral Higgs bosons from supersymmetry in Z decays",
journal = "Phys. Lett. B",
volume = "237",
number = "2",
pages = "291--302",
year = "1990",
note = "",
doi = "10.1016/0370-2693(90)91447-J",
url = "http://www.sciencedirect.com/science/article/pii/037026939091447J",
author = "D. Decamp and others",
collaboration = "ALEPH Collaboration"
}

@article{PhysRevLett.75.613,
  title = {Search for Squarks and Gluinos via Radiative Decays of Neutralinos in Proton-Antiproton Collisions at $$\surd${}\mathit{s}\phantom{\rule{0ex}{0ex}}=\phantom{\rule{0ex}{0ex}}1.8\mathrm{TeV}$},
  author = {Abe, F. and others},
  collaboration = {CDF Collaboration},
  journal = {Phys. Rev. Lett.},
  volume = {75},
  issue = {4},
  pages = {613--617},
  year = {1995},
  month = {Jul},
  doi = {10.1103/PhysRevLett.75.613},
  url = {http://link.aps.org/doi/10.1103/PhysRevLett.75.613},
  publisher = {American Physical Society}
}

@article{PhysRevLett.75.618,
  title = {Search for Squarks and Gluinos in $\mathit{p}\overline{\mathit{p}}$ Collisions at $\sqrt{\mathit{s}}\phantom{\rule{0ex}{0ex}}=\phantom{\rule{0ex}{0ex}}1.8\mathrm{TeV}$},
  author = {Abachi, S. and others},
  collaboration = {D0 Collaboration},
  journal = {Phys. Rev. Lett.},
  volume = {75},
  issue = {4},
  pages = {618--623},
  year = {1995},
  month = {Jul},
  doi = {10.1103/PhysRevLett.75.618},
  url = {http://link.aps.org/doi/10.1103/PhysRevLett.75.618},
  publisher = {American Physical Society}
}

@article{Alexander1996273,
title = "Topological search for the production of neutralinos and scalar particles",
journal = "Phys. Lett. B",
volume = "377",
number = "4",
pages = "273--288",
year = "1996",
note = "",
doi = "10.1016/0370-2693(96)00502-3",
url = "http://www.sciencedirect.com/science/article/pii/0370269396005023",
author = "G. Alexander and others",
collaboration = "OPAL Collaboration"
}

@article {springerlink:10.1007/BF02906978,
   author = {Aid, S. and others},
   collaboration = {H1 Collaboration},
   title = {A search for squarks of Rp-violating SUSY at HERA},
   journal = {Z. Phys. C},
   publisher = {Springer Berlin / Heidelberg},
   keyword = {Physics and Astronomy},
   pages = {211--226},
   volume = {71},
   issue = {2},
   url = {http://dx.doi.org/10.1007/BF02906978},
   note = {10.1007/BF02906978},
   year = {1996}
}

@article{Aid1996461,
title = "A search for selectrons and squarks at HERA",
journal = "Phys. Lett. B",
volume = "380",
number = "3--4",
pages = "461--470",
year = "1996",
note = "",
doi = "10.1016/0370-2693(96)00640-5",
url = "http://www.sciencedirect.com/science/article/pii/0370269396006405",
author = "S. Aid and others",
collaboration = "H1 Collaboration"
}

@article{PhysRevLett.95.041802,
  title = {Search for Lepton Flavor Violation in the Decay ${$\tau${}}^{\ifmmode\pm\else\textpm\fi{}}$\rightarrow${}{$\mu${}}^{\ifmmode\pm\else\textpm\fi{}}$\gamma${}$},
  author = {Aubert, B. and others},
  collaboration = {BABAR Collaboration},
  journal = {Phys. Rev. Lett.},
  volume = {95},
  issue = {4},
  pages = {041802},
  numpages = {7},
  year = {2005},
  month = {Jul},
  doi = {10.1103/PhysRevLett.95.041802},
  url = {http://link.aps.org/doi/10.1103/PhysRevLett.95.041802},
  publisher = {American Physical Society}
}

@techreport{Buchmueller:1391061,
      author       = "Buchmueller, O and Cavanaugh, R and De Roeck, A and Dolan,
                      M J and Ellis, J R and Flacher, H and Heinemeyer, S and
                      Isidori, G and Martinez Santos, D and Olive, K A and
                      Rogerson, S and Ronga, F J and Weiglein, G",
      title        = "Supersymmetry in Light of 1/fb of LHC Data",
      number       = "CERN-PH-TH-2011-220",
      month        = "Oct",
      year         = "2011",
      url = "https://cdsweb.cern.ch/record/1391061",
      institution = "CERN"
}

@misc{CMS_mSUGRA,
url = {https://twiki.cern.ch/twiki/pub/CMSPublic/PhysicsResultsSUS/CMS_SUSY_2011Limits_tanb10.pdf}
}

@article {springerlink:10.1007/s10052-002-0949-3,
   author = {Allanach, B.C. and Battaglia, M. and Blair, G.A. and Carena, M. and De Roeck, A. and Dedes, A. and Djouadi, A. and Gerdes, D. and Ghodbane, N. and Gunion, J. and Haber, H.E. and Han, T. and Heinemeyer, S. and Hewett, J.L. and Hinchliffe, I. and Kalinowski, J. and Logan, H.E. and Martin, S.P. and Martyn, H.-U. and Matchev, K.T. and Moretti, S. and Moortgat, F. and Moortgat-Pick, G. and Mrenna, S. and Nauenberg, U. and Okada, Y. and Olive, K.A. and Porod, W. and Schmitt, M. and Su, S. and Wagner, C.E.M. and Weiglein, G. and Wells, J. and Wilson, G.W. and Zerwas, P.},
   affiliation = {CERN, 1211 Geneva, Switzerland CH},
   title = {The Snowmass Points and Slopes: benchmarks for SUSY searches},
   journal = {Eur. Phys. J. C},
   publisher = {Springer Berlin / Heidelberg},
   keyword = {Physics and Astronomy},
   pages = {113--123},
   volume = {25},
   issue = {1},
   url = {http://dx.doi.org/10.1007/s10052-002-0949-3},
   year = {2002}
}

@article{1748-0221-3-08-S08003,
  author={G Aad and others},
  collaboration={ATLAS Collaboration},
  title={The ATLAS Experiment at the CERN Large Hadron Collider},
  journal={JINST},
  volume={3},
  number={08},
  pages={S08003},
  url={http://stacks.iop.org/1748-0221/3/i=08/a=S08003},
  year={2008}
}

@article{1475-7516-2009-05-012,
  author={Alexey Boyarsky and Julien Lesgourgues and Oleg Ruchayskiy and Matteo Viel},
  title={Lyman-$\alpha$ constraints on warm and on warm-plus-cold dark matter models},
  journal={J. Cosmol. Astropart. Phys.},
  volume={2009},
  number={05},
  pages={012},
  url={http://stacks.iop.org/1475-7516/2009/i=05/a=012},
  year={2009}
}

@article{0067-0049-180-2-330,
  author={E. Komatsu and J. Dunkley and M. R. Nolta and C. L. Bennett and B. Gold and G. Hinshaw and N. Jarosik and D. Larson and M. Limon and L. Page and D. N. Spergel and M. Halpern and R. S. Hill and A. Kogut and S. S. Meyer and G. S. Tucker and J. L. Weiland and E. Wollack and E. L. Wright},
  title={Five-Year Wilkinson Microwave Anisotropy Probe Observations: Cosmological Interpretation},
  journal={Astrophys. J. Suppl. Ser.},
  volume={180},
  number={2},
  pages={330},
  url={http://stacks.iop.org/0067-0049/180/i=2/a=330},
  year={2009}
}

@article{PhysRevD.58.075005,
  title = {Probing gauge-mediated supersymmetry breaking models at the Fermilab Tevatron via delayed decays of the lightest neutralino},
  author = {Chen, C.-H. and Gunion, J. F.},
  journal = {Phys. Rev. D},
  volume = {58},
  issue = {7},
  pages = {075005},
  numpages = {11},
  year = {1998},
  month = {Sep},
  doi = {10.1103/PhysRevD.58.075005},
  url = {http://link.aps.org/doi/10.1103/PhysRevD.58.075005},
  publisher = {American Physical Society}
}

@article{springerlink:10.1007/JHEP01(2010)058,
   author = {Staub, F. and Niemeyer, J. and Porod, W.},
   title = {Strong dark matter constraints on GMSB models},
   journal = {JHEP},
   publisher = {Springer Berlin / Heidelberg},
   keyword = {Physics and Astronomy},
   pages = {1--15},
   volume = {2010},
   issue = {1},
   url = {http://dx.doi.org/10.1007/JHEP01(2010)058},
   year = {2010}
}

@unpublished{CMS-PAS-SUS-12-001,
  author={S. Chatrchyan and others},
  collaboration={CMS Collaboration},
  title={Search for Supersymmetry in Events with Photons and Missing Energy},
  year={2012},
  eprint={CMS-PAS-SUS-12-001},
  url={https://cdsweb.cern.ch/record/1436111},
  note={unpublished}
}

@article{1748-0221-3-08-S08001,
  author={Lyndon Evans and Philip Bryant},
  title={LHC Machine},
  journal={JINST},
  volume={3},
  number={08},
  pages={S08001},
  url={http://stacks.iop.org/1748-0221/3/i=08/a=S08001},
  year={2008}
}

@misc{CMS_2011_summary,
url = {http://cms.web.cern.ch/news/summary-2011-p-p-running}
}

@misc{LHC_public,
url = {http://public.web.cern.ch/public/en/lhc/Facts-en.html}
}

@misc{CERN_Globe,
url = {http://cdsweb.cern.ch/record/833187}
}

@misc{airplane,
url = {http://www.rgbstock.com/photo/n7EsabW/Airplane}
}

@incollection{Flukiger,
      author = {Fl\"{u}kiger, R. and Hariharan, S. Y. and K\"{u}ntzler, R. and Luo, H. L. and Weiss, F. and Wolf, T. and Xu, J. Q.},
      editor = {Fl\"{u}kiger, R. and Klose, W.},
      booktitle        = {SpringerMaterials - The Landolt-B\"{o}rnstein Database: Nb-Ti},
      publisher = {http://www.springermaterials.com},
      doi = "10.1007/10423690_53",
      url = "http://www.springermaterials.com/docs/info/10423690_53.html",
      year = {2012}
}

@inproceedings{Sun:1235160,
  booktitle={Proceedings of the $23^{\mathrm{rd}}$ Particle Accelerator Conference, Vancouver, 2009},
  author={Sun, Y and Zimmermann, F and Tom\'{a}s, R},
  url={https://cdsweb.cern.ch/record/1235160},
  year={2009}
}

@book{Bruning:782076,
      author       = {Br\"{u}ning, Oliver Sim and Collier, Paul and Lebrun, P and Myers, Stephen and Ostojic, Ranko and Poole, John and Proudlock, Paul},
      title        = "LHC Design Report",
      publisher    = "CERN",
      address      = "Geneva",
      year         = "2004"
}

@misc{LHC_injector_complex_photo,
url = {http://cdsweb.cern.ch/record/841568/files/}
}

@ARTICLE{828202, 
author={Komorowski, P. and Tommasini, D.}, 
journal={IEEE Trans. Appl. Supercond.},
title={Localization of electrical insulation failures in superconducting collared coils by analysis of the distortion of a pulsed magnetic field}, 
year={2000}, 
month={mar}, 
volume={10}, 
number={1}, 
pages={166--169}, 
keywords={LHC dipole models;electrical insulation failures localisation;fault localization method;ground insulation;inter-turn short circuits;pulsed magnetic field distortion;superconducting accelerator magnets;superconducting collared coils;transient case FEM models;accelerator magnets;colliding beam accelerators;fault location;insulation;proton accelerators;storage rings;superconducting magnets;}, 
doi={10.1109/77.828202}, 
url={http://ieeexplore.ieee.org/xpl/articleDetails.jsp?arnumber=828202}
}

@misc{LHC_outreach_magnets,
url = {http://lhc-machine-outreach.web.cern.ch/lhc-machine-outreach/components/magnets.htm}
}

@article{1748-0221-3-08-S08004,
  author={S Chatrchyan and others},
  title={The CMS experiment at the CERN LHC},
  journal={JINST},
  volume={3},
  number={08},
  pages={S08004},
  url={http://stacks.iop.org/1748-0221/3/i=08/a=S08004},
  year={2008},
  collaboration={CMS Collaboration}
}

@book{Bayatian:922757,
      author       = "Bayatian, G L and others",
      title        = "CMS Physics Technical Design Report Volume I: Detector
                      Performance and Software",
      publisher    = "CERN",
      address      = "Geneva",
      series       = "Technical Design Report CMS",
      year         = "2006",
      collaboration = "CMS Collaboration"
}

@unpublished{Ivova,
  author={M. Ivova},
  title={Measurements of the Lorentz Angle in the CMS Barrel Pixel Detector with Collisions and Cosmic Data},
  year={2010},
  url={https://indico.cern.ch/getFile.py/access?contribId=11&sessionId=14&resId=0&materialId=0&confId=80223},
  note={talk given at the Swiss Ph.D. School on Particle and Astroparticle Physics (CHIPP), Monte Verita'}
}

@article{Bolla2001182,
title = "Design and test of pixel sensors for the CMS experiment",
journal = "NIM A",
volume = "461",
number = "1--3",
pages = "182--184",
year = "2001",
doi = "10.1016/S0168-9002(00)01201-8",
url = "http://www.sciencedirect.com/science/article/pii/S0168900200012018",
author = "G. Bolla and D. Bortoletto and C. Rott and A. Roy and S. Kwan and C.Y. Chien and H. Cho and B. Gobbi and R. Horisberger and R. Kaufmann",
keywords = "Pixel detectors",
keywords = "LHC"
}

@misc{pixel_DPG_Twiki_rphi_res,
url = {https://twiki.cern.ch/twiki/pub/CMSPublic/DPGResultsTRK/_imgf9e0ee48ebca770d7774454532b4b4ee.png}
}

@misc{pixel_DPG_Twiki_z_res,
url = {https://twiki.cern.ch/twiki/pub/CMSPublic/DPGResultsTRK/_img7569b7652b3f7c15030a11a4223e631c.png}
}

@misc{pixel_DPG_Twiki_eff,
url = {https://twiki.cern.ch/twiki/pub//CMSPublic/DPGResultsTRK/hv11_d1.png}
}

@misc{tracker_DPG_Twiki_TIB_SNR,
url = {https://twiki.cern.ch/twiki/pub/CMSPublic/DPGResultsTRK/_imga571742cbed3a14a9e2581ae95efa54c.gif}
}

@misc{tracker_DPG_Twiki_res,
url = {https://twiki.cern.ch/twiki/pub//CMSPublic/DPGResultsTRK/StripHitRes2.gif}
}

@misc{ECAL_DPG_Twiki_rad_damage,
url = {https://twiki.cern.ch/twiki/pub//CMSPublic/EcalDPGResults/histories2_laser.png}
}

@misc{ECAL_DPG_Twiki_res_vs_eta_EB,
url = {https://twiki.cern.ch/twiki/pub//CMSPublic/EcalDPGResults/electronres_eb_inclusive.png}
}

@misc{ECAL_DPG_Twiki_res_vs_eta_EE,
url = {https://twiki.cern.ch/twiki/pub//CMSPublic/EcalDPGResults/electronres_ee_inclusive.png}
}

@unpublished{CMS-PAS-EXO-11-067,
  author={S. Chatrchyan and others},
  collaboration={CMS Collaboration},
  title={Search for new physics with long-lived particles decaying to photons and missing energy},
  year={2011},
  eprint={CMS-PAS-EXO-11-067},
  url={https://cdsweb.cern.ch/record/1394286},
  note={unpublished}
}

@misc{ECAL_DPG_Twiki_timing_res,
url = {https://twiki.cern.ch/twiki/pub//CMSPublic/EcalDPGResults/seed-time.EEEE.png}
}

@article{Akchurin_Wigmans,
title = "Quartz fibers as active elements in detectors for particle physics",
journal = "Rev. Sci. Instr.",
volume = "74",
pages = "2955",
year = "2003",
doi = "10.1063/1.1570945",
url = "http://rsi.aip.org/resource/1/rsinak/v74/i6/p2955_s1",
author = "Nural Akchurin and Richard Wigmans"
}

@unpublished{CMS-DP-2010-025,
  author={S. Chatrchyan and others},
  collaboration={CMS Collaboration},
  title={HCAL performance from first collisions data},
  year={2010},
  eprint={CMS-DP-2010-025},
  url={https://cdsweb.cern.ch/record/1364222},
  note={unpublished}
}

@article{1748-0221-5-03-T03014,
  collaboration={CMS Collaboration},
  author={S. Chatrchyan and others},
  title={Identification and filtering of uncharacteristic noise in the CMS hadron calorimeter},
  journal={JINST},
  volume={5},
  number={03},
  pages={T03014},
  url={http://stacks.iop.org/1748-0221/5/i=03/a=T03014},
  year={2010}
}

@misc{MUO_POG_Twiki_inv_mass,
url = {https://twiki.cern.ch/twiki/pub/CMSPublic/PhysicsResultsMUO/dimuMass_2011Run_1fb_20July2011.pdf}
}

@article{springerlink:10.1007/JHEP04(2012)033,
   author = {Chatrchyan, S. and others},
   affiliation = {Yerevan Physics Institute, Yerevan, Armenia},
   title = {Search for $\mbox{B}_{\mathrm{S}}^{0}\rightarrow\mu^{+}\mu^{-}$ and $\mbox{B}^{0}\rightarrow\mu^{+}\mu^{-}$ decays},
   journal = {JHEP},
   publisher = {Springer Berlin / Heidelberg},
   keyword = {Physics and Astronomy},
   pages = {1--36},
   volume = {2012},
   issue = {4},
   url = {http://dx.doi.org/10.1007/JHEP04(2012)033},
   doi = {10.1007/JHEP04(2012)033},
   year = {2012}
}

@ARTICLE{1546528, 
author={Alemany, R. and Almeida, C.B. and Almeida, N. and Bercher, M. and Benetta, R. and Bexiga, V. and Bourotte, J. and Busson, Ph. and Cardoso, N. and Cerrutti, M. and Dejardin, M. and Faure, J.-L. and Gachelin, O. and Gastal, M. and Geerebaert, Y. and Gilly, J. and Gras, Ph. and Hansen, M. and Husejko, M. and Jain, A. and Karar, A. and Kloukinas, K. and Ljuslin, C. and Machado, P. and Mandjavidze, I. and Mur, M. and Paganini, P. and Regnault, N. and Santos, M. and Da Silva, J.C. and Teixeira, I. and Teixeira, J.P. and Varela, J. and Verrecchia, P. and Zlatevski, L.}, 
journal={IEEE Trans. Nucl. Sci.}, 
title={Overview of the ECAL off-detector electronics of the CMS experiment}, 
year={2005}, 
month={oct.}, 
volume={52}, 
number={5}, 
pages={1918--1924}, 
keywords={ CMS electromagnetic calorimeter; bit-error rate requirements; clock cycles; data acquisition system; detector readout; high-speed serial links; histogramming technique; nonlinear scale; off-detector electronics; on-detector front-end electronics; trigger system; zero suppression level; data acquisition; high energy physics instrumentation computing; nuclear electronics; particle calorimetry; position sensitive particle detectors; readout electronics;}, 
doi={10.1109/TNS.2005.856596}, 
url={http://ieeexplore.ieee.org/xpl/articleDetails.jsp?arnumber=1546528}
}

@inproceedings{Smith,
  booktitle={Proceedings of the $7^{\mathrm{th}}$ Workshop on Electronics for LHC Experiments, Stockholm, 2001},
  editor={C. Isabella},
  author={W.H. Smith and P. Chumney and S. Dasu and F. Di Lodovico and M. Jaworski and J.R. Lackey and P. Robl},
  url={https://cdsweb.cern.ch/record/529417},
  year={2001},
  publisher={CERN},
  address={Geneva},
  pages={238--242}
}

@article{Brun199781,
title = {ROOT---An object oriented data analysis framework},
journal = "NIM A",
volume = "389",
number = "1-2",
pages = "81--86",
year = "1997",
doi = "10.1016/S0168-9002(97)00048-X",
url = "http://www.sciencedirect.com/science/article/pii/S016890029700048X",
author = "Rene Brun and Fons Rademakers"
}

@article{springerlink:10.1023/A:1012744721976,
   author = {Gutleber, J. and Orsini, L.},
   title = {Software Architecture for Processing Clusters Based on I2O},
   journal = {Clus. Comput.},
   publisher = {Springer Netherlands},
   keyword = {Computer Science},
   pages = {55--64},
   volume = {5},
   issue = {1},
   url = {http://dx.doi.org/10.1023/A:1012744721976},
   doi = {10.1023/A:1012744721976},
   year = {2002}
}

@techreport{SOAP,
      author       = "D. Box and D. Ehnebuske and G. Kakivaya and A. Layman and N. Mendelsohn and H.F. Nielsen and S. Thatte and D. Winer",
      title        = "Simple Object Access Protocol (SOAP) 1.1",
      number       = "W3C Note 08",
      year         = "2000",
      url = "http://www.w3.org/TR/2000/NOTE-SOAP-20000508/",
      institution = "W3C"
}

@unpublished{HyperDAQ,
  author={R. Arcidiacono and others},
  title={HyperDAQ---Where Data Acquisition Meets the Web},
  year={2005},
  url={http://accelconf.web.cern.ch/accelconf/ica05/proceedings/pdf/o5_004.pdf},
  note={talk given at the $10^{\mathrm{th}}$ ICALEPCS International Conference on Accelerator and Large Experiment Physics Control Systems, Geneva}
}

@book{Eck:840543,
      author       = "Eck, Christoph and Knobloch, J and Robertson, Leslie and
                      Bird, I and Bos, K and Brook, N and DŸllmann, D and Fisk, I
                      and Foster, D and Gibbard, B and Grandi, C and Grey, F and
                      Harvey, J and Heiss, A and Hemmer, F and Jarp, S and Jones,
                      R and Kelsey, D and Lamanna, M and Marten, H and Mato-Vila,
                      P and Ould-Saada, F and Panzer-Steindel, B and Perini, L and
                      Schutz, Y and Schwickerath, U and Shiers, J and Wenaus, T",
      title        = "LHC computing Grid: Technical Design Report. Version 1.06
                      (20 Jun 2005)",
      publisher    = "CERN",
      address      = "Geneva",
      series       = "Technical Design Report LCG",
      year         = "2005",
}